% This file was created with JabRef 2.6.

@book{da2006logica,
  title={L{\'o}gica para Computa{\c{c}}{\~a}o},
  author={da Silva, Fl{\'a}vio Soares Corr{\^e}a and Finger, Marcelo and de Melo, Ana Cristina Vieira},
  year={2006},
  address={São Paulo},
  publisher={Thomson Learning}
}

@book{dalen1980logic,
  title={Logic and Structure},
  author={Dalen, D van},
  series={Universitext},
  year={1980},
  address={Berlin},
  publisher={Springer}
}

@book{jns2008logica,
  title={L{\'o}gica para Ci{\^e}ncia da Computa{\c{c}}{\~a}o: uma Introdu{\c{c}}{\~a}o Concisa},
  author={de Souza, Jo{\~a}o Nunes},
  year={2008},
  address={Rio de Janeiro},
  publisher={Elsevier}
}

@book{brachman2004knowledge,
  title={Knowledge Representation and Reasoning},
  author={Brachman, Ronald J and Levesque, Hector Joseph},
  year={2004},
  address={Massachusetts},
  publisher={Morgan Kaufmann}
}

@book{teoriadascategorias,
  title={Teoria das Categorias para Ciência da Computação},
  author={Menezes, Paulo Blauth and Haeuler, Edward Hermann},
  year={2006},
  edition={2},
  publisher={Sagra Luzzatto}
}

@book{mints2000short,
  title={A Short Introduction to Intuitionistic Logic},
  author={Mints, Grigori},
  year={2000},
  address={Netherlands},
  publisher={Kluwer Academic Publishers}
}

@misc{mc2013prova,
  title={ Matem{\'a}tica Construtiva e o Intuicionismo},
  author={Ramos, Arthur Freitas},
  year={2013},
  note={Graduação em  Ci{\^e}ncia da Computa{\c{c}}{\~a}o. Universidade Federal de Pernambuco, Recife, Brasil}
}

@book{takeuti2013proof,
  title={Proof Theory},
  author={Takeuti, Gaisi},
  year={1987},
  edition={1},
  address={Amsterdam},
  publisher={North-Holland}
}

@book{troelstra,
 title={Basic Proof Theory},
 author={Troelstra, A. S. and Schwichtenberg, H.},
 year={2000},
 edition={2},
 address={Cambridge University Press, New York, USA},
}

@book{pvssystemguide,
title = {PVS System Guide},
author = {Owre, Sam and Shankar, Natarajan and Rushby, John M. and Stringer-Calvert, David W. J.},
address = {Computer Science Laboratory, SRI International, Menlo Park, CA},
month = {November},
year = {2001},
url = {http://pvs.csl.sri.com/doc/pvs-system-guide.pdf},
urlaccessdate = {20/07/2016}
}

@book{pvslanguagereference,
title = {PVS Language Reference},
author = {Owre, Sam and Shankar, Natarajan and Rushby, John M. and Stringer-Calvert, David W. J.},
address = {Computer Science Laboratory, SRI International, Menlo Park, CA},
month = {November},
year = {2001},
url = {http://pvs.csl.sri.com/doc/pvs-language-reference.pdf},
urlaccessdate = {20/07/2016}
}

@book{pvsproverguide,
title = {PVS Prover Guide},
author = {Owre, Sam and Shankar, Natarajan and Rushby, John M. and Stringer-Calvert, David W. J.},
address = {Computer Science Laboratory, SRI International, Menlo Park, CA},
month = {November},
year = {2001},
url = {http://pvs.csl.sri.com/doc/pvs-prover-guide.pdf},
urlaccessdate = {20/07/2016}
}

@mastersthesis{dissertacaoariane,
 title={Verificação de Implementações em Hardware por meio de Provas de Correção de suas Definições Recursivas},
  author={Almeida, Ariane Alves},
  year={2014},
  school={ Universidade de Brasília - Instituto de Ciências Exatas, Brasil}
}

@mastersthesis{dissertacaoromulo,
 title={Desenvolvimento de Sistema de Segurança Veicular a Baixo Custo Contra Acidentes por Abertura de Porta},
  author={de Oliveira, Rômulo Muriel Mesquita},
  year={2015},
  school={ Universidade Federal de Goiás - Regional Catalão, Brasil}
}

@book{engdesoftware,
  title={Engenharia de Software},
  author={Sommerville, Ian},
  year={2007},
  edition={8},
  address={São Paulo},
  publisher={Pearson Education},
}

@book{arduino,
  title={Arduino Básico},
  author={McRoberts, Michael},
  year={2011},
  address={São Paulo},
  publisher={Novatec},
   note={Tradução: Rafael Zanolli},
}

@misc{ultrassons,
  title={Uso de Sensores Ultrassônicos na Medição de Parâmetros em Robótica e Outras Aplicações},
  author={Bastos, Teodiano F. and Abreu, José Miguel M. and Ceres, Ramón},
  year={1991},
  month = {April},
  note={Sba - Controle \& Automação, Belo Horizonte, v.3, n.1, p.299-303},
  url = {http://www.sba.org.br/revista/volumes/v3n1/v3n1a06.pdf},
  urlaccessdate = {25/07/2016}
}

@book{provingsoftware,
  title={Proving Software Correct with PVS},
  author={Clarke, Edmund and Kroening, Daniel},
  year={2003},
  note={Carnegie Mellon University},
  url = {http://www.cs.cmu.edu/~emc/15-820A/reading/},
  urlaccessdate = {26/07/2016}
}

@mastersthesis{tese,
 title={Infraestrutura para Provadores Interativos de Teoremas na Web},
  author={Santos, Jefferson de Barros},
  year={2010},
  school={ PUC-Rio de Janeiro, Brasil}
}

@phdthesis{haeusler1990prova,
  title={Prova automatica de teoremas em dedu{\c{c}}{\~a}o natural: Uma abordagem abstrata},
  author={Haeusler, Edward H},
  year={1990},
  school={PhD Thesis. PUC-Rio de Janeiro, Brasil}
}

@inproceedings{pibic1112,
  title={Constru{\c{c}}{\~a}o de um Provador de Teoremas Baseado em C{\'a}lculo de Sequentes Circuito-Estruturado},
  author={da Costa, Vaston Gon{\c{c}}alves and Silva, Nayara de Souza and da Silveira, Lucas {\^A}ngelo},
  booktitle={Anais/Resumos da 63ª Reuni{\~a}o Anual da SBPC},
  year={2011},
  address={Goinia-GO},
  organization={Conpeex}
}

% http://github.com/arademaker/hemera
@misc{hemera,
  title={ The Hemera theorem prover},
  author={Haeusler, Edward Hermann and Rademaker, Alexandre},
  year={2008},
}

@book{tipos,
  title={A Modern Perspective on Type Theory},
  author={Kamareddine, Fairouz and Laan, Twan and Nederpelt, Rob},
  month = {March},
  year={2004},
  publisher={Kluwer Academic Publishers}
}

@phdthesis{andre,
  title={Uma Formalização da Teoria de Reescrita em Linguagem de Ordem Superior},
  author={Galdino, André Luiz Galdino},
  year={2008},
  school={PhD Thesis. Universidade de Brasília - Instituto de Ciências Exatas, Brasil}
}

@inproceedings{Lamsweerde:2000,
 author = {Lamsweerde, Axel van},
 title = {Formal Specification: A Roadmap},
 booktitle = {Proceedings of the Conference on The Future of Software Engineering},
 series = {ICSE '00},
 year = {2000},
 isbn = {1-58113-253-0},
 location = {Limerick, Ireland},
 pages = {147--159},
 numpages = {13},
 url = {http://doi.acm.org/10.1145/336512.336546},
 doi = {10.1145/336512.336546},
 acmid = {336546},
 publisher = {ACM},
 address = {New York, NY, USA},
}

@article{Grumberg94,
 author = {Grumberg, Orna and Long, David E.},
 title = {Model Checking and Modular Verification},
 journal = {ACM Trans. Program. Lang. Syst.},
 issue_date = {May 1994},
 volume = {16},
 number = {3},
 month = may,
 year = {1994},
 issn = {0164-0925},
 pages = {843--871},
 numpages = {29},
 url = {http://doi.acm.org/10.1145/177492.177725},
 doi = {10.1145/177492.177725},
 acmid = {177725},
 publisher = {ACM},
 address = {New York, NY, USA},
 keywords = {CTL, Moore machines, computer-aided verification, formal verification, model checking, temporal logics},
} 


@article{latella99,
year={1999},
issn={0934-5043},
journal={Formal Aspects of Computing},
volume={11},
number={6},
doi={10.1007/s001659970003},
title={Automatic Verification of a Behavioural Subset of UML Statechart Diagrams Using the SPIN Model-checker},
url={http://dx.doi.org/10.1007/s001659970003},
publisher={Springer-Verlag London Limited},
keywords={Keywords: UML Statechart Diagrams; Model-checking; Program transformation; PROMELA; SPIN},
author={Latella, Diego and Majzik, Istvan and Massink, Mieke},
pages={637-664},
language={English}
}


@ARTICLE{France04,
    author = {Robert B. France and Dae-kyoo Kim and Sudipto Ghosh and Eunjee Song},
    title = {A UML-Based Pattern Specification Technique},
    journal = {IEEE Transactions on Software Engineering},
    year = {2004},
    volume = {30},
    pages = {193--206}
}

@article{Dijkstra:1975,
 author = {Dijkstra, Edsger W.},
 title = {Guarded Commands, Nondeterminacy and Formal Derivation of Programs},
 journal = {Commun. ACM},
 issue_date = {Aug. 1975},
 volume = {18},
 number = {8},
 month = aug,
 year = {1975},
 issn = {0001-0782},
 pages = {453--457},
 numpages = {5},
 url = {http://doi.acm.org/10.1145/360933.360975},
 doi = {10.1145/360933.360975},
 acmid = {360975},
 publisher = {ACM},
 address = {New York, NY, USA},
 keywords = {case-construction, correctness proof, derivation of programs, nondeterminancy, program semantics, programming language semantics, programming languages, programming methodology, repetition, sequencing primitives, termination},
} 


@article{Hoare:1978,
 author = {Hoare, C. A. R.},
 title = {Communicating Sequential Processes},
 journal = {Commun. ACM},
 issue_date = {Aug. 1978},
 volume = {21},
 number = {8},
 month = aug,
 year = {1978},
 issn = {0001-0782},
 pages = {666--677},
 numpages = {12},
 url = {http://doi.acm.org/10.1145/359576.359585},
 doi = {10.1145/359576.359585},
 acmid = {359585},
 publisher = {ACM},
 address = {New York, NY, USA},
 keywords = {classes, concurrency, conditional critical regions, coroutines, data representations, guarded commands, input, iterative arrays, monitors, multiple entries, multiple exits, nondeterminacy, output, parallel programming, procedures, program structures, programming, programming languages, programming primitives, recursion},
} 

@Article{Naur1966,
author="Naur, Peter",
title="Proof of algorithms by general snapshots",
journal="BIT Numerical Mathematics",
year="1966",
volume="6",
number="4",
pages="310--316",
abstract="A constructive approach to the question of proofs of algorithms is to consider proofs that an object resulting from the execution of an algorithm possesses certain static characteristics. It is shown by an elementary example how this possibility may be used to prove the correctness of an algorithm written in ALGOL 60. The stepping stone of the approach is what is called General Snapshots, i.e. expressions of static conditions existing whenever the execution of the algorithm reaches particular points. General Snapshots are further shown to be useful for constructing algorithms.",
issn="1572-9125",
doi="10.1007/BF01966091",
url="http://dx.doi.org/10.1007/BF01966091"
}

@Inbook{Floyd1993,
author="Floyd, Robert W.",
editor="Colburn, Timothy R.
and Fetzer, James H.
and Rankin, Terry L.",
title="Assigning Meanings to Programs",
bookTitle="Program Verification: Fundamental Issues in Computer Science",
year="1993",
publisher="Springer Netherlands",
address="Dordrecht",
pages="65--81",
isbn="978-94-011-1793-7",
doi="10.1007/978-94-011-1793-7_4",
url="http://dx.doi.org/10.1007/978-94-011-1793-7_4"
}

@book{Ran73,
author={Brian Randell},
title={The Origins of Digital Computers},
publisher={Springer- Verlag},
address={Berlin Heidelberg},
year={1973}
}

@article{Wing:1990,
 author = {Wing, Jeannette M.},
 title = {A Specifier's Introduction to Formal Methods},
 journal = {Computer},
 issue_date = {September 1990},
 volume = {23},
 number = {9},
 month = sep,
 year = {1990},
 issn = {0018-9162},
 pages = {8--23},
 numpages = {16},
 url = {http://dx.doi.org/10.1109/2.58215},
 doi = {10.1109/2.58215},
 acmid = {102816},
 publisher = {IEEE Computer Society Press},
 address = {Los Alamitos, CA, USA},
} 

@Inbook{Craigen1993,
author="Craigen, Dan
and Gerhart, Susan
and Ralston, Ted",
editor="Bowen, J. P.
and Nicholls, J. E.",
title="An International Survey of Industrial Applications of Formal Methods",
bookTitle="Z User Workshop, London 1992: Proceedings of the Seventh Annual Z User Meeting, London 14--15 December 1992",
year="1993",
publisher="Springer London",
address="London",
pages="1--5",
isbn="978-1-4471-3556-2",
doi="10.1007/978-1-4471-3556-2_1",
url="http://dx.doi.org/10.1007/978-1-4471-3556-2_1"
}

@proceedings{Wing:1999,
 editor = {Wing, Jeannette M. and Woodcock, Jim and Davies, Jim},
 title = {FM '99: Proceedings of the Wold Congress on Formal Methods in the Development of Computing Systems-Volume I - Volume I},
 year = {1999},
 isbn = {3-540-66587-0},
 publisher = {Springer-Verlag},
 address = {London, UK, UK},
} 

@Article{Aestesiano:2000,
 editor = {Aestesiano, E. and Baxter, I. and Quilici, A. and Verhoef, C.},
 journal = {Sci. Comput. Program.},
 year = {2000},
 issn = {0167-6423},
 volume = {36},
 number = {2-3},
 issue_date = {March 2000},
 issue_description = {Special issue on WCRE 97},
 publisher = {Elsevier North-Holland, Inc.},
 address = {Amsterdam, The Netherlands, The Netherlands},
} 

@book{Bowen:1995,
 editor = {Bowen, Jonathan P. and Hinchey, Michael G.},
 title = {Applications of Formal Methods},
 year = {1995},
 isbn = {0133669491},
 edition = {1st},
 publisher = {Prentice Hall PTR},
 address = {Upper Saddle River, NJ, USA},
} 

@article{Clarke:1996,
 author = {Clarke, Edmund M. and Wing, Jeannette M.},
 title = {Formal Methods: State of the Art and Future Directions},
 journal = {ACM Comput. Surv.},
 issue_date = {Dec. 1996},
 volume = {28},
 number = {4},
 month = dec,
 year = {1996},
 issn = {0360-0300},
 pages = {626--643},
 numpages = {18},
 url = {http://doi.acm.org/10.1145/242223.242257},
 doi = {10.1145/242223.242257},
 acmid = {242257},
 publisher = {ACM},
 address = {New York, NY, USA},
} 

@article{Leveson:1993,
 author = {Leveson, N. G. and Turner, C. S.},
 title = {An Investigation of the Therac-25 Accidents},
 journal = {Computer},
 issue_date = {July 1993},
 volume = {26},
 number = {7},
 month = jul,
 year = {1993},
 issn = {0018-9162},
 pages = {18--41},
 numpages = {24},
 url = {http://dx.doi.org/10.1109/MC.1993.274940},
 doi = {10.1109/MC.1993.274940},
 acmid = {161479},
 publisher = {IEEE Computer Society Press},
 address = {Los Alamitos, CA, USA},
}

@article{Dowson:1997,
 author = {Dowson, Mark},
 title = {The Ariane 5 Software Failure},
 journal = {SIGSOFT Softw. Eng. Notes},
 issue_date = {March 1997},
 volume = {22},
 number = {2},
 month = mar,
 year = {1997},
 issn = {0163-5948},
 pages = {84--},
 url = {http://doi.acm.org/10.1145/251880.251992},
 doi = {10.1145/251880.251992},
 acmid = {251992},
 publisher = {ACM},
 address = {New York, NY, USA},
} 

@Inbook{Galdino2007,
author="Galdino, Andr{\'e} L.
and Mu{\~{n}}oz, C{\'e}sar
and Ayala-Rinc{\'o}n, Mauricio",
editor="Leivant, Daniel
and de Queiroz, Ruy",
title="Formal Verification of an Optimal Air Traffic Conflict Resolution and Recovery Algorithm",
bookTitle="Logic, Language, Information and Computation: 14th International Workshop, WoLLIC 2007, Rio de Janeiro, Brazil, July 2-5, 2007. Proceedings",
year="2007",
publisher="Springer Berlin Heidelberg",
address="Berlin, Heidelberg",
pages="177--188",
isbn="978-3-540-73445-1",
doi="10.1007/978-3-540-73445-1_13",
url="http://dx.doi.org/10.1007/978-3-540-73445-1_13"
}

@inproceedings{vaston2007,
	Address = {Queensland, Australia},
	Author = {Geiza Silva and Alexandre Rademaker and Davi Vasconcelos and Fernando Naufel and Carlos Bazilio and Vaston Costa and Hermann},
	Booktitle = {3rd Australasian Ontology Workshop. (AOW2007)},
	Date-Added = {2008-11-27 17:08:12 -0200},
	Date-Modified = {2008-11-27 17:10:57 -0200},
	Editor = {Thomas Meyer and Abhaya Nayak},
	Publisher = {ACS},
	Title = {Dealing with the formal analysis of information security policies through ontologies: A case study},
	Volume = {85},
	Year = {2007}
	}
	
@book{troelstra-schwichtenberg:2000a,
	Address = {Cambridge, England},
	Author = {A. S. Troelstra and H. Schwichtenberg},
	Edition = {2},
	Publisher = {Cambridge University Press},
	Title = {Basic Proof Theory},
	Topic = {proof-theory;},
	Xref = {Review: dyckhoff:2001a.},
	Year = {2000}}

@inproceedings{AOW07,
	Address = {Queensland, Australia},
	Author = {Geiza Silva and Alexandre Rademaker and Davi Vasconcelos and Fernando Naufel  and Carlos Bazilio  and Vaston  Costa and Hermann},
	Booktitle = {3rd Australasian  Ontology Workshop. (AOW2007)},
	Date-Added = {2008-11-27 17:08:12 -0200},
	Date-Modified = {2008-11-27 17:10:57 -0200},
	Editor = {Thomas Meyer and Abhaya Nayak},
	Publisher = {ACS},
	Title = {Dealing with the formal analysis of information security policies through ontologies: A case study},
	Volume = {85},
	Year = {2007}}
	
@article{IPL,
  author    = {Vaston G. Costa and
               Edward Hermann Haeusler and
               Eduardo Sany Laber and
               Loana Tito Nogueira},
  title     = {A note on the size of minimal covers},
  journal   = {Inf. Process. Lett.},
  volume    = {102},
  number    = {2-3},
  year      = {2007},
  pages     = {124-126},
  ee        = {http://dx.doi.org/10.1016/j.ipl.2006.10.012},
  bibsource = {DBLP, http://dblp.uni-trier.de}
}

@article{CookReckhow,
	Author = {S.~A. Cook and R.~A. Reckhow},
	Journal = {Journal of Symbolic Logic},
	Month = mar,
	Number = {1},
	Pages = {36--50},
	Title = {The relative efficiency of propositional proof systems},
	Volume = {44},
	Year = {1979}}

@misc{Dean,
author={Dean and Mike and Guus Schreiber},
title = {OWL Web Ontology Language Reference},
url={http://www.w3.org/TR/owl-ref/},
year={2004}  
}

@article{seldin,
  title={Normalization and excluded middle. I},
  author={Seldin, J.P.},
  journal={Studia Logica},
  volume={48},
  number={2},
  pages={193--217},
  year={1989},
  publisher={Springer}
}
	
@article{JSL09,
  author    = {Luiz Carlos Pereira and
               Edward Hermann Haeusler and
               Vaston G. Costa and
               Wagner Sanz},
  title     = {A New Normalization Strategy for the Implicational Fragment
               of Classical Propositional Logic},
  journal   = {Studia Logica},
  volume    = {96},
  number    = {1},
  year      = {2010},
  pages     = {95-108},
  ee        = {http://dx.doi.org/10.1007/s11225-010-9275-1},
  bibsource = {DBLP, http://dblp.uni-trier.de}
}


@article{Journal09,
  title={Proof compressions with circuit-structured substitutions},
  author={Gordeev, L. and Haeusler, EH and da Costa, VG},
  journal={Journal of Mathematical Sciences},
  volume={158},
  number={5},
  pages={645--658},
  year={2009},
  publisher={Springer}
}

@article{Matiyasevich,
  title={Proof compressions with circuit-structured substitutions},
  author={Gordeev, L. and Haeusler, E. and Costa, V.},
  journal={Festschrift de Yu. Matiyasevichs's 60-year anniversary, special issue of Notes of Mathematics Seminars of St. Petersburg Departmet of V. A. Steklov Institute of Mathematics},
  volume={358},
  pages={77-99},
  year={2008},
}

@article{Gruber,
  title={Toward principles for the design of ontologies used for knowledge sharing},
  author={Gruber, T.R. and others},
  journal={International Journal of Human Computer Studies},
  volume={43},
  number={5},
  pages={907--928},
  year={1995},
  publisher={Citeseer}
}

@phdthesis{TeseVaston,
  title={COMPACTA{\c{C}}{\~A}O DE PROVAS L{\'O}GICAS},
  school={PONTIF{\'I}CIA UNIVERSIDADE CAT{\'O}LICA DO RIO DE JANEIRO-PUC-RIO},
  author={Vaston Gon\c{c}alves da Costa},
  year={2007}
}

@inproceedings{Bulletin08,
	author = {Costa, V. G and Hermann, E. H. and Pereira, L. C. and Sanz, W},
	title = {Revisiting Peirce's rule in natural deduction},
	booktitle = {Volume of Abstracts of Logic Coloquium},
	year = {2008},
	address={Bern, Suice},
}

@String{j-jucs = "Journal of Universal Computer Science"}

@Article{Colucci:jucs_9_12:a_formal_approach_to,
  author =     "Simona Colucci and Tommaso Di Noia and Eugenio Di Sciascio and Francesco M. Donini and Marina Mongiello and Marco Mottola",
  title =      "A Formal Approach to Ontology-Based Semantic Match of Skills Descriptions",
  abstract =   "Skills management has been recently acknowledged as one of the key factors to adequately face the increasing competitiveness between knowledge intensive companies.              
            In this paper we present a formal approach to Ontology-Based Semantic Matchmaking between Skills demand and supply, devised as a virtual marketplace of knowledge. In such a knowledge market metaphor, skills are a peculiar kind of good that has distinguishing characteristics with respect to traditional assets. Buyers are entities that need the skills of people, such as projects, departments and organizations, sellers are workers that offer their own skills.             
            The formal framework supports the semantic match of descriptions provided by demanders and sellers of skills. In particular our approach, based on Description Logics formalization and reasoning, overcomes simple subsumption matching and allows match ranking and categorization. The implementation of the approach in a prototype system, which embeds a NeoClassic reasoner, is also described.",
  journal =    j-jucs,
  year =       "2003",
  volume =     "9",
  number =     "12",
  pages =      "1437--1454",
  date =       "2003-12-28",
  month =      "dec",
  note =       "\url{http://www.jucs.org/jucs_9_12/a_formal_approach_to}"}
  
  @article{johnston2013,
  author={Lisa Johnston and Jon Jeffryes},
  title={Data Management Skills Needed by Structural Engineering Students: A Case Study at the University of Minnesota},
  journal={Journal of Professional Issues in Engineering Education and Practice},
  year={2013},
  doi={\url{http://dx.doi.org/10.1061/(ASCE)EI.1943-5541.0000154}}
  }

@article{Aussenac-Gilles:2005:TAO:1412350.1412354,
 author = {Aussenac-Gilles, Nathalie and S\"{o}rgel, Dagobert},
 title = {Text Analysis for Ontology and Terminology Engineering},
 journal = {Appl. Ontol.},
 issue_date = {January 2005},
 volume = {1},
 number = {1},
 month = jan,
 year = {2005},
 issn = {1570-5838},
 pages = {35--46},
 numpages = {12},
 url = {http://dl.acm.org/citation.cfm?id=1412350.1412354},
 acmid = {1412354},
 publisher = {IOS Press},
 address = {Amsterdam, The Netherlands, The Netherlands},
 keywords = {Knowledge engineering from texts, natural language processing, ontology, semantic relationships, term extraction, terminology},
} 

@article{wu2004,
author={Jen-Her Wu and Yi-Cheng Chen and Hsin-Hui Lin},
title={Developing a set of management needs for IS managers: a study of necessary managerial activities and skills},
journal={Information \& Management},
volume={41},
number={4},
page={413-429},
year={2004}
}

@article{pant2008,
author={Ira Pant and Bassam Baroudi},
title={Project management education: The human skills imperative},
journal={International journal of project management},
volume={26},
number={2},
pages={124-128},
year={2008}
}

@article{Carbone2004,
author={Thomas A. Carbone and Sampson Gholston},
title={Project manager skill development: A survey of programs and practitioners},
journal={Engineering Management Journal},
volume={16},
number={3},
pages={10-16},
year={2004}
}

@comment{jabref-entrytype: Monography: req[author;title;type;school;year;address] opt[pages;pagename;url;urlaccessdate;note]}

